% !TeX root = main.tex

@article{Adam:2019,
	author = {Adam, Timo and Griffiths, Christopher and Leos Barajas, Vianey and Meese, Emily and Lowe, Christopher and Blackwell, Paul and Righton, David and Langrock, Roland},
	year = {2019},
	month = {06},
	pages = {},
	title = {Joint modelling of multi-scale animal movement data using hierarchical hidden Markov models},
	volume = {10},
	journal = {Methods in Ecology and Evolution},
	doi = {10.1111/2041-210X.13241}
}

@article{Ailliot:2006,
	author = {Pierre Ailliot},
	year = {2006},
	pages = {271-274},
	title = {Some theoretical results on markov-switching autoregressive models with gamma innovations},
	volume = {343},
	journal = {Comptes Rendus Mathematique},
}

@book{Bagchi:1999,
	author = {Bagchi, Sonali and Mitra, Sanjit},
	year = {1999},
	month = {01},
	pages = {},
	title = {The Nonuniform Discrete Fourier Transform},
	publisher = {Kluwer Academic Publishing},
	doi = {10.1007/978-1-4615-1229-5\_7}
}

@article{Barajas:2017,
	author = {Leos Barajas, Vianey and Gangloff, Eric and Adam, Timo and Langrock, Roland and van Beest, Floris and Nabe-Nielsen, Jacob and Morales, Juan},
	year = {2017},
	month = {02},
	title = {Multi-scale Modeling of Animal Movement and General Behavior Data Using Hidden Markov Models with Hierarchical Structures},
	journal = {Journal of Agricultural Biological and Environmental Statistics},
	doi = {10.1007/s13253-017-0282-9}
}

@article{Douc:2004,
	author = {Douc, Randal and Moulines, Eric and Rydén, Tobias},
	year = {2004},
	month = {10},
	pages = {2254-2304},
	title = {Asymptotic properties of the maximum likelihood estimator in autoregressive models with Markov regime},
	volume = {32},
	journal = {The Annals of Statistics},
	doi = {10.1214/009053604000000021}
}

@article{Fehlmann:2017,
    author = {Fehlmann, Gaelle and O'Riain, J.M. and Hopkins, Phil and O'Sullivan, Jack and Holton, Mark and Shepard, Emily and King, Andrew},
    year = {2017},
    month = {12},
    pages = {},
    title = {Identification of behaviours from accelerometer data in a wild social primate},
    volume = {5},
    journal = {Animal Biotelemetry},
    doi = {10.1186/s40317-017-0121-3}
}

@article{Gao:2012,
	author = {Gao, Fuchang and Han, Lixing},
	year = {2012},
	month = {05},
	pages = {259-277},
	title = {Implementing the Nelder-Mead simplex algorithm with adaptive parameters},
	volume = {51},
	journal = {Computational Optimization and Applications},
	doi = {10.1007/s10589-010-9329-3}
}

@article{Gleiss:2011,
	author = {Gleiss, Adrian and Wilson, Rory and Shepard, Emily},
	year = {2011},
	month = {01},
	pages = {23-33},
	title = {Making overall dynamic body acceleration work: On the theory of acceleration as a proxy for energy expenditure},
	journal = {Methods in Ecology and Evolution},
	doi = {10.1111/j.2041-210X.2010.00057.x}
}

@article{Heerah:2017,
    author = {Heerah, Karine and Woillez, Mathieu and Fablet, Ronan and Garren, François and Martin, Stéphane and De Pontual, Hélène},
    year = {2017},
    month = {09},
    pages = {},
    title = {Coupling spectral analysis and hidden Markov models for the segmentation of behavioural patterns},
    volume = {5},
    journal = {Movement ecology},
    doi = {10.1186/s40462-017-0111-3}
}

@article{Hooten:2017,
	author = {Hooten, Mevin and King, Ruth and Langrock, Roland},
	year = {2017},
	month = {08},
	pages = {},
	title = {Guest Editor’s Introduction to the Special Issue on “Animal Movement Modeling”},
	journal = {Journal of Agricultural, Biological and Environmental Statistics},
	doi = {10.1007/s13253-017-0299-0}
}

@article{Johnson:2008,
	author = {Johnson, Devin and London, Josh and Lea, Mary-Anne and Durban, John},
	year = {2008},
	month = {06},
	pages = {1208-15},
	title = {Continuous-time correlated random walk model for animal telemetry data},
	volume = {89},
	journal = {Ecology},
	doi = {10.1890/07-1032.1}
}

@article{Langrock:2012,
	author = {Langrock, Roland and King, Ruth and Matthiopoulos, Jason and Thomas, Len and Fortin, Daniel and Morales, Juan},
	year = {2012},
	month = {11},
	pages = {2336-42},
	title = {Flexible and practical modeling of animal telemetry data: Hidden Markov models and extensions},
	volume = {93},
	journal = {Ecology},
	doi = {10.2307/41739305}
}

@article{Langrock:2018,
	author = {Langrock R, Adam T, Leos‐Barajas V, Mews S, Miller DL, Papastamatiou YP},
	year = {2018},
	month = {},
	pages = {179-200},
	volume = {72},
	title = {Spline‐based nonparametric inference in general state‐switching
	models},
	journal = {Statistica Neerlandica},
	doi = {10.1111/stan.12133} 
}

@article{Lawler:2019,
	author = {Lawler, Ethan and Whoriskey, Kim and Aeberhard, William and Field, Chris and Flemming, Joanna},
	year = {2019},
	month = {05},
	pages = {},
	title = {The Conditionally Autoregressive Hidden Markov Model (CarHMM): Inferring Behavioural States from Animal Tracking Data Exhibiting Conditional Autocorrelation},
	journal = {Journal of Agricultural, Biological and Environmental Statistics},
	doi = {10.1007/s13253-019-00366-2}
}

@article{Lewin:2011,
	author = {Lewin-Koh, Nicholas and Bivand, Roger and Pebesma, Edzer and Archer, E and Baddeley, A and Bibiko, Hans-Jörg and Dray, Stéphane and Forrest, D and Friendly, M and Giraudoux, Patrick},
	year = {2011},
	month = {01},
	pages = {},
	title = {maptools: Tools for reading and handling spatial objects. R package version 0.8-27}
}

@article{Mcclintock:2017,
	author = {Mcclintock, Brett},
	year = {2017},
	month = {06},
	pages = {1-21},
	title = {Incorporating Telemetry Error into Hidden Markov Models of Animal Movement Using Multiple Imputation},
	journal = {Journal of Agricultural, Biological, and Environmental Statistics},
	doi = {10.1007/s13253-017-0285-6}
}
@article{Michelot:2019,
	author = {Michelot, Th\`eo and Blackwell, Paul},
	year = {2019},
	month = {01},
	pages = {},
	title = {State-switching continuous-time correlated random walks},
	journal = {Methods in Ecology and Evolution},
	doi = {10.1111/2041-210X.13154}
}

@article{Morales:2004,
	author = {Morales, Juan and Haydon, Daniel and Frair, Jacqui and Holsinger, Kent and Fryxell, John},
	year = {2004},
	month = {09},
	pages = {},
	title = {Extracting More out of Relocation Data: Building Movement Models as Mixtures of Random Walks},
	volume = {85},
	journal = {EEB Articles},
	doi = {10.1890/03-0269}
}

@misc{Nunes:2018,
	author = {Alex Nunes},
	title = {Divebomb},
	url = {https://github.com/ocean-tracking-network/divebomb/blob/master/docs/index.rst},
	year = {2018},
	month = {07}
}

@article{Patterson:2017,
	author = {Patterson, Toby and Parton, Alison and Langrock, Roland and Blackwell, Paul and Thomas, Len and King, Ruth},
	year = {2017},
	month = {07},
	pages = {},
	title = {Statistical modelling of individual animal movement: an overview of key methods and a discussion of practical challenges},
	journal = {AStA Advances in Statistical Analysis},
	doi = {10.1007/s10182-017-0302-7}
}

@article{Pohle:2017,
	author = {Pohle, Jennifer and Langrock, Roland and van Beest, Floris and Schmidt, Niels},
	year = {2017},
	month = {06},
	pages = {1-24},
	title = {Selecting the Number of States in Hidden Markov Models: Pragmatic Solutions Illustrated Using Animal Movement},
	volume = {22},
	journal = {Journal of Agricultural, Biological, and Environmental Statistics},
	doi = {10.1007/s13253-017-0283-8}
}

@book{Serfozo:2009,
	title = {Basics of Applied Stochastic Processes},
	author = {Serfozo, Richard},
	year = {2009},
	publisher = {Springer-Verlag Berlin Heidelberg},
	doi = {10.1007/978-3-540-89332-5},
	ISSN = {1431-7028}
}

@article{Shorter:2017,
    author = {Shorter, Kenneth and Shao, Yunli and Ojeda, Lauro and Barton, Kira and Rocho-Levine, Julie and Van der Hoop, Julie and Moore, Michael},
    year = {2017},
    month = {06},
    pages = {},
    title = {A day in the life of a dolphin: Using bio-logging tags for improved animal health and well-being},
    journal = {Marine Mammal Science},
    doi = {10.1111/mms.12408}
}

@article{Whoriskey:2016,
	author = {Whoriskey, Kim and Auger-M\`eth\`e, Marie and Albertsen, Christoffer and Whoriskey, F. and Binder, Thomas and Krueger, Charles and Flemming, Joanna},
	year = {2016},
	month = {12},
	pages = {},
	title = {A Hidden Markov Movement Model for rapidly identifying behavioral states from animal tracks},
	volume = {7},
	journal = {Ecology and Evolution},
	doi = {10.1002/ece3.2795}
}

@article{Virtanen:2019,
	author = {{Virtanen}, Pauli and {Gommers}, Ralf and {Oliphant},
	Travis E.  and {Haberland}, Matt and {Reddy}, Tyler and
	{Cournapeau}, David and {Burovski}, Evgeni and {Peterson}, Pearu and {Weckesser}, Warren and {Bright}, Jonathan and {van der Walt},
	St{\'e}fan J.  and {Brett}, Matthew and {Wilson}, Joshua and
	{Jarrod Millman}, K.  and {Mayorov}, Nikolay and {Nelson}, Andrew
	R.~J. and {Jones}, Eric and {Kern}, Robert and {Larson}, Eric and
	{Carey}, CJ and {Polat}, {\.I}lhan and {Feng}, Yu and {Moore},
	Eric W. and {Vand erPlas}, Jake and {Laxalde}, Denis and
	{Perktold}, Josef and {Cimrman}, Robert and {Henriksen}, Ian and
	{Quintero}, E.~A. and {Harris}, Charles R and {Archibald}, Anne M.
	and {Ribeiro}, Ant{\^o}nio H. and {Pedregosa}, Fabian and
	{van Mulbregt}, Paul and {Contributors}, SciPy 1. 0},
	title = "{SciPy 1.0--Fundamental Algorithms for Scientific Computing in Python}",
	journal = {arXiv e-prints},
	year = "2019",
	month = "Jul",
	eid = {arXiv:1907.10121},
	pages = {arXiv:1907.10121},
	archivePrefix = {arXiv},
	eprint = {1907.10121},
	primaryClass = {cs.MS},
	adsurl = {https://ui.adsabs.harvard.edu/abs/2019arXiv190710121V},
	adsnote = {Provided by the SAO/NASA Astrophysics Data System}
}

@article{Viterbi:1967,
	author = {Viterbi, A.},
	year = {1967},
	month = {April},
	pages = {260-269},
	title = {Error bounds for convolutional codes and an asymptotically optimum decoding algorithm},
	journal = {IEEE Transactions on Information Theory},
	doi = {10.1109/TIT.1967.1054010}
}

@book{Zucchini:2016,
	author = {Zucchini, Walter and Macdonald, Iain and Langrock, Roland},
	year = {2016},
	month = {06},
	publisher = {CRC Press},
	title = {Hidden Markov Models for Time Series - An Introduction Using R},
	isbn = {9781482253832}
}